2500 4053
1026 135 1519 214 WESTFALEN
300 140 361 214 2
304 842 2254 916 hoc judices et scabini persecuti fuerint, ut tenentur, scultetus et
302 911 2254 990 advocatus pariter judices erunt, sive in excidio domorum vel al-
304 983 602 1050 terius rei.
440 1050 2252 1126 Item si aliquis homicida vocatus fuerit sex septimanis secun-
304 1119 2252 1200 dum juris exigentiam, si non interim comparuerit, proscribetur.
304 1190 1702 1264 hanc proscriptionem faciet dominus coloniensis.
440 1259 2252 1333 Item si alicui aliquid molestie acciderit, si non velit con-
304 1333 2254 1409 queri, non cogetur agere vel conqueri a judice aliquo; si autem
302 1404 2254 1478 per preconem juratum deducta fuerit sua querimonia in judicium,
304 1473 1985 1545 cessare non poterit a querimonia, sed ultra in ea stabit.
297 280 2254 361 locum, qui dicitur werff, custodient tam diu, quo usque alter
442 1542 2252 1619 Item nullus omnino audeat vel poterit aliquem concivem
304 1611 2250 1685 nostrum in judicium trahere sine debita causa, vel impetere, vel
300 1680 942 1750 imponere ei duellum.
438 1747 2250 1821 Item si aliquis deprehensus fuerit in furto, non suspendetur,
302 1821 1771 1900 nisi res excedat valorem xim (? XII½) denariorum.
440 1888 2247 1964 Item si quid rei, quod telonio dignum est, in Tuitio vel in
304 1959 2250 2038 Molenhem depositum fuerit, currus dabit quatuor denarios, car-
297 2038 797 2090 ruca II denarios.
438 2092 2242 2176 Item si quis advena vel hospes vel alienus equum vendide-
295 2169 1673 2245 rit, dabit II den., bos I den., porcus obulum.
302 359 2257 430 eorum succubuerit. Omnia verba juris, que sunt proferenda, a
438 2238 2245 2311 Item quicunque commorantur infra forestum, quod dicitur
297 2304 1642 2378 byvancg, nullum telonium dabunt in Tuytio,
438 2376 2245 2454 Item si navis aliqua exonerata fuerit in Tuytio, dabit scul-
300 2450 992 2514 teto IIII den. de fundo.
438 2514 2252 2588 ltem si vas vini exoneratum fuerit de nave in Tuytio, dabit
290 2588 790 2652 sculteto IIII den.
433 2652 2242 2728 Item si quis plaustrum circulorum in Tuytio vendiderit, da-
295 2723 2245 2802 bit obulum sculteto. si pecuniam suam sequitur Colonie acci-
297 2802 2038 2869 piendam, tunc dabit in Colonia obulum et non in Tuytio.
442 2864 2247 2935 Item preco sculteti per totum annum vocandos ad judicium
302 426 2257 504 solo sculteto et nullo alio infra pugnam proponentnr. Si quis
295 2935 2247 3011 vocabit, exceptis tribus temporibus supradictis, quibus preco ad-
295 3007 1028 3073 vocati vocabit vocandos.
435 3071 2250 3152 Item curtes adjacentes religiosorum non capient infra opi-
304 3142 2157 3216 dum nostrum tuytiense alicujus pignora sine judicio tuytiensi.
440 3209 2247 3288 Item opidani sybergenses poterunt se liberare et in se reci-
300 3285 2245 3357 pere, si conveniuntur, sine fidejussore supra suas hereditates, si
300 3357 2250 3433 quas habent in Siberg, si hereditas excedit valorem petiti debiti.
297 3492 2250 3561 ces sibergenses tenentur de eodem judicare. eandem justitiam
304 495 2259 566 violentiam fecerit, vel contumax fuerit duello hoc durante; scul-
295 3559 1680 3633 habent opidani tuitienses apud opidum Siberg.
433 3630 2250 3709 ltem opidani sibergenses non solvunt telonium in Tuytio,
297 3422 2255 3495 quodsi tales non sequuntur judicium in Tuytio, opidani et judi-
300 561 2257 642 tetus petet ab eo judicium sive responsionem. quodsi impotens
304 635 2259 709 fuerit scultetus judicare, advocato tanquam actor et querulator
304 704 1807 773 significabit, et verum judicium sibi fieri postulabit.
435 769 2259 847 Item si homicidium aliquod actum fuerit infra parochiam, si
