2500 4025
1090 121 1514 212 VORWORT
317 148 400 209 IV
331 831 2280 902 überrheinischen ländern sind hinzugetreten. Ihre äuſsere unbe-
326 902 2278 975 quemlichkeit sollen register und ortsverzeichnisse schon gut machen.
473 970 2282 1043 Unterdessen ist auch noch die vorher ungehofte benutzung
329 1034 2278 1112 des nassauischen archivs zu Idstein gestattet, mancher beitrag
331 1104 2282 1178 aus andern theilen Deutschlands zugesagt worden. Es fällt auf,
326 1175 2280 1243 wie leer das innere Schwaben von der ostseite des Schwarzwal-
331 1239 2280 1317 des bis zu Donau und Lech hin bei mir ausgeht, auch im Vo-
334 1314 2282 1390 rarlberg sollte man nicht weniges erwarten. Alle förderer
334 1390 2287 1460 dieser samlung, sobald sie geschlossen ist, werde ich dankbar
331 1458 573 1524 nennen.
460 268 2153 343 Aus Thüringen bloſs ein weisthum des Erfurter gebiets.
543 1582 1158 1668 Berlin 7. juni 1842.
1531 1678 2078 1756 Jacob Grimm.
320 540 2276 626 als es mir gelingen konnte, wird sich aus Österreich bis in die
463 343 2278 412 Nieder und Oberbaiern haben verschiedne denkmäler dieser
324 412 2278 487 art dargeboten, die merkwürdigsten aus dem Lechrain und dem
321 482 2278 556 gebiet der abteien Seon, Chiemsee, Rot. Weit reichhaltiger,
324 621 2278 695 deutschredenden theile der Steiermark und Tirols sammeln
324 690 529 756 lassen.
475 753 2280 834 Bedeutende nachträge vorzüglich zu dem zweiten band aus
