2500 4019
765 148 1612 241 WESTFALEN ¹). DEUZ
687 946 1658 1041 JURA OPPIDI TUITIENSIS ²).
204 1660 2160 1731 scultetus vel officiatus domini coloniensis habet questionis, signi-
202 1729 2160 1800 ficabit advocato tanquam judici. Quicquid his diebus de judicio
204 1800 2156 1870 emergit, habebit advocatus tertiam partem, scultetus duplam de
200 1868 868 1941 emergentiis in judicio.
346 1941 2160 2012 ltem si sunt pignora capienda, preco sive nuntius advocati
204 2004 2156 2082 intrabit domum ad accipienda pignora, et preconi sive nuntio
200 2080 2163 2153 sculteti assignabit. que pignora conservabit preco sive nuntius
202 2151 2178 2224 predictus sculteti per tridunm sive tribus diebus, quarta die ven-
207 2224 2168 2292 det, et valorem debentibus restituet vallato suo juramento vel
202 2290 619 2363 prout juravit.
809 1041 1546 1143 aus dem 13 oder 14 jh.
346 2358 2163 2436 Item predicti precones sive nuntii nullius concivis pignus
209 2429 1882 2504 capient, nisi sententia sit lata contra illum vel aliquem.
346 2495 2158 2568 Item quinque ville adjacentes, scilicet Westhoven, Polle, Ro-
204 2565 2156 2643 Ieshoven, Vintze, Kalke, quicquid in hiis villis actum fuerit que-
202 2639 2160 2712 rimonia dignum, coram judice vel judicio domini coloniensis ju-
209 2707 2158 2770 dicabitur in Tuytio. in testimonium veritatis singule ville tenen-
204 2768 2156 2853 tur habere singulos scabinos, unaqueque villa unum, ut si quid
202 2848 2158 2921 actum fuerit in hiis villis predictis, testificentur coram judicio, ut
200 2917 482 2985 tenentur.
351 2985 2156 3058 Item officiatus sive scultetus domini coloniensis per totum
324 1156 2158 1246 Hec sunt jura, que nobis antecessores nostri scabini relique-
200 3058 2156 3131 annum presidebit judicio, exceptis tribus temporibus, ut supra
2070 164 2158 247 1
204 3129 543 3185 dictum est.
343 3187 2156 3265 Item si aliquid tale actum fuerit, quod dignum sit duello
200 3260 2156 3341 sive pugna, scultetus judex erit, usque conveniant in locum, qui
202 3334 2158 3409 dicitur werff. ultra scultetus et advocatus pariter pugnam vel
321 3490 2151 3556 1) unter Westfalen verstehe ich hier das ganze landgebiet zwischen
209 3551 2153 3619 Rhein und Weser, zwischen Holland und Friesland (nordwärts), und der
207 3617 1097 3682 Sieg, Wetterau, Hessen (südwärts).
192 1243 2009 1309 runt, et hactenus duximus in bona consuetudine observanda.
324 3670 2153 3739 2) Deuz, Cöln gegenüber. aus Kindlingers saml. merkw. urk. I.p.
209 3731 634 3795 1806 p. 133 ff.
265 3795 475 3860 Bd. III.
1658 3782 1709 3848 1
343 1304 2153 1385 Primo, quod infra parochiam et opidum tuitiense officiatus
202 1378 2158 1456 domini nostri coloniensis, sive scultetus tuiliensis presidebit
202 1446 426 1521 judicio.
343 1514 2156 1597 Item tria sunt judicia per annum, que dicuntur judicia non
204 1590 2153 1663 iudicia, in quibus presidebit advocatus judex. Si quid his diebus
