2500 4053
1097 147 1321 223 DEUZ
2130 159 2190 230 d
378 288 2197 376 Item si quid Tuytium venit navigio, nisi exoneretur, nihil
242 364 452 428 solvet.
383 428 2197 511 ltem colonienses, si conveniuntur in Tuytio, accredere se
238 509 2190 583 possunt super suam hereditatem, si quam habent; sed si non
242 576 2190 650 sequantur judicium, sicuti sunt vocati, significabitur judicibus co-
242 645 2190 721 loniensibus, qui de eodem judicabunt. idem jus habent tuytien-
245 714 700 778 ses in Colonia.
383 778 2190 864 Item colonienses teloneum non solvent in Tuytio, nec tuy-
240 845 709 921 tienses Colonie.
385 919 2197 1000 Item si quis deliquerit in tantum, quod vulnus apertum fe-
245 992 2200 1071 cerit, recognoscat v. marcis zů gemůde; et si aliquid aliud fecerit,
245 1061 840 1140 VIII (I. VII½) solidis.
390 1133 2200 1211 Item nulla satisfastio, que dicitur gemůde, poterit de justitia
247 1204 735 1266 excedere wedde.
795 1269 1647 1347 Jus scabinorum hic sequitur.
395 1335 2197 1421 Item si aliquis deliquerit, scabini habebunt in majori satis-
245 1414 2195 1488 factione, que dicitur wedde, XXI solidos, in minori satisfactione,
250 1483 1104 1550 seilicet wedde, XXI denarios.
395 1550 2202 1635 ltem quicunque intraverit vinculum, quod dicitur vroynslos,
252 1626 2202 1697 non exibit sine conquisita licentia, scilicet gemůde advocati et sca-
252 1688 523 1754 binorum.
788 1823 1666 1911 WEISTHUM ZU DEUZ ¹).
1140 1900 1321 1966 1386.
390 1988 2200 2069 In gotz namen amen. wir Herman von Keldenich, Cone
252 2054 2200 2133 Swarz, Heinrich van den Bucke, Elger vermeister , Herman
252 2130 2202 2204 cloesterman, Godart van der arffen, Johan van Huuffe, Otto
257 2195 2195 2273 Boilzendaill und Heirich van Polle, scheffen zu Duitze, begeren
254 2271 2200 2342 kunt zu sein allen luiden, dat in den jairen unns. hern, do man
252 2338 2202 2411 schreif nae gotz gebuirde duisent drihundert seſsindechtzig des
252 2409 2200 2483 vridages nae dem sondage, dat man sank invocavit, in der vasten
254 2483 2200 2550 zu mittage erschienen vur uns in vollen gerichte. dat in disen
250 2547 2200 2623 sachen gestalt ind geboidt was, uns. gn. hern vrunde, as uns hern
250 2616 2200 2690 heren Frederichs van der gnaiden gotz erzbuisschof zu Colne
250 2688 2197 2754 vur in und van sinen weghen die eirbare frome luide mit
254 2757 2197 2833 namen die edele hern Heinrich van Fleckenstein here zo Dage-
250 2828 2200 2895 stoile, her Johan Hircelen zu senct Cunibertz in Colne, und
247 2892 2197 2971 herre Elger van Duitze zu Reefs proeste, her Engelbrecht van
252 2964 2200 3040 Dyrsbeek und her Johan van Troyen rittere an die eine site;
254 3035 2195 3100 und uns hern hern Wilhems van der selver gnaiden goitz her-
254 3102 2197 3176 zogen van dem Berghe u. graven zo Ravensberg, vur in und si-
250 3173 2200 3242 nen weigen die eirbare und frome luide her Wilhem Stail und
250 3238 2195 3316 her Dederich van dem forste rittere, Johan van der Dornenbergh
250 3314 2195 3383 gnant Affenbroich, Johan vaigt van Mecheim, Gerhardus van
250 3380 2197 3457 Weiſsbroich der rentmeistere, Bruin van Tzwivell ind Gise sin
252 3452 2195 3530 broder knapen an die ander site, van der vurfs. uns beider
371 3592 2192 3666 1) aus Kindlinger 60, 201. drei andere abschriften daselbst s. 177 ff.
254 3652 2192 3716 191 ff. 209 ff. Die zweite hälfte dieses weisth. stimmt mit der vorhergehen-
257 3711 1042 3778 den lat. urkunde meistentheils.
1616 3769 1711 3842 1 *
