2500 4053
1016 148 1509 225 WESTFALEN
322 161 380 232 4
322 712 2270 790 an uns komen is, ind unse aldere vurvaren und wir dat aller
329 783 2274 858 weige geweist ind herbracht hain; so weisten ind bekanten wir,
322 858 2270 932 wisen ind bekennen up unse eide iecklichen der vurſs. hern sin
319 922 2264 996 recht in allen der wisen ind voige, als hernae geschreven volgt.
316 996 2270 1067 Dit is die kuntschaft ind recht, dat uns scheffen van Duitz
316 1061 690 1132 kundich ist.
454 1125 2270 1203 In dem eirsten si zu wiſsen, dat Duitz, dat vurmails ein
319 1196 2270 1274 slos ind stat is gewest, und noch huide des dachs eine friheit is
316 1270 2267 1345 mit den vunf dorpern, die darzo ind darin gehuirent, doit und
325 290 2280 370 hern weighen dairgeschickt und geferdiget, as si sachten, ind
316 1338 2264 1409 levendich, mit namen Westhoven, Polle, Railshoven, Vinze und
319 1406 2267 1487 Kalbe mit allen iren zobehuiren, und binnen den pilen und
316 1480 2267 1558 tyrmpten as hernae becleirt is, vri eigen alde erve ind guet is ind
319 1554 2264 1629 gewest hait, van der zit dat niemans anders gedenken en mach,
319 1625 2267 1696 und van manchen hundert jairen gewest is uns hern des ersbi-
316 1693 2267 1764 schofs van Colne ind sins gestichts, also dat die herlicheit und
316 1761 2267 1832 dat hoichgerichte und alle gebott u. verbott, die volgen, der
322 1829 2267 1900 deinst und der klockenslach, die scheffincge ind dat vair, die
316 1900 2267 1970 tolle, vurworde ind geleide ind alle andere reichte uns. hern
316 1967 2267 2038 des erzbusschoffs van Colne und sins gestichts van der vurſs. zit
322 364 2283 445 gesonnen dair an uns van der vurſs. uns beider hern wegen, dat
319 2032 2267 2112 und jairen gewest sint und noch sint; beheltnisse doch dem vaigt,
316 2103 2270 2180 der zor zit dar ist und der ein swigende vaigt ist, alsulchs rechts,
316 2177 2267 2245 as ime der scheffen zodeilt und wist, u. as in den puncten van
312 2241 2264 2316 deme gerichte ercleret steit, ind neit mehe. Vort si zu wissen,
312 2309 2258 2387 dat dit die pele ind die trympte sint der herlicheit und des ge-
316 2383 2267 2458 richts zo Duitze, inn dem eirsten, einen an unsme Rhine langs
319 2454 2261 2525 den stein, der dae steit buiſsen der hern hof van senct Gerion,
316 2519 2270 2596 die genant is Heine junckern hof an dem zunge ind boven West-
312 2590 2264 2664 hoven gelegen ist, van deme vurschreven steine vort up die
312 2661 2264 2735 andere peilsteine, die die herlicheit und dat gerichte van Duitze
312 2732 2264 2803 zeichent, ind der noch seessczein is, ind nae ein andere stehent
312 2800 2261 2874 in deme velde, as van dem vurſs. steine die achter Heine iunck-
312 2874 2261 2941 ren hoeffe vurſs. steit bis an den steine, die dair steit an der
319 2938 2264 3016 straiſsen ind an dem wege, die zu Oirbach wert geit, ind vort
319 3012 2267 3087 van dem steine langs die ander peilstein bis up den stein, der
325 3080 2261 3154 darsteit up der wiskuilen, und van dem steine vort bis an den
322 3145 2264 3225 stein, die dae steit up der mar tuisschen Hanghenraidt und dem
329 3212 2261 3287 Granenberg, und van dem steine vort bis an den stein, die dae
319 3283 2258 3354 steit hinder Veiche upme holenwege tuisschen Vinze und Han-
329 3351 2258 3429 genraede, und van dem steine vort bis an den stein der dae steit
329 3425 2258 3500 upme hoeillen wege, die geit van Vinze bis zo Oesten. Ever
325 3496 2251 3570 van dem steine vort langs die ander peilsteine, bis an den stein,
329 3564 2254 3635 der dan steit bi dem voispaide, die zu Merheim wert geit, bi
325 3632 2254 3712 deme bivange, van danne vort hier neder under deme hoimberge
329 3700 2254 3774 bis up die Bruegerstraiſs, vort van der Bruegerstraeſsen hinder-
325 438 2270 506 wir mallich van den vurſs. uns hern sin recht dae wisten und
322 503 2274 574 sechten up unse eide. Wairup wir scheffen uns wail und weis-
319 574 2274 654 lichen bereiden, und mit wail bedachten vurraede ind sinne und
329 641 2274 716 ouch nae aller herkomen, as dat van uns aldren ind vurvaren
