2888 4912
145 1306 2564 1412 ich ietzt dinstags nach Galli dem gericht und gemein fürge-
148 1396 2561 1490 halten, die gestehen ine einmütiglich, das er also von alten
151 1483 2561 1577 von iren eltern und vorfahren gewesen seile, wie sie in noch
151 1561 1567 1654 kräftig weisen und erkennen. 1547.
151 1738 2567 1829 meinem gnedigen herren grave Micheln zue Wertheim für ein
148 1819 2564 1912 voigt und gerichtsherrn uber das dorf Wersau und die ganze
151 1906 2570 1996 mark, veld und wäld, ein gericht daselbst zue setzen und ent-
416 206 2277 316 ZWISCHEN NECKAR, MAIN UND RHEIN.
1077 887 1622 1006 WERSAU. ¹)
154 1990 2567 2083 setzen, mit ehren, mit allen geboten, verboten, auszerhalb Art (?)
161 2074 2567 2164 weisen sıe gen Rambstatt ²) auf die zent. §. 2. Item weisen
158 2151 2570 2254 die schopfen zue recht meinem gn. herren einem grafen zue
158 2241 2570 2332 Wertheim alle frevel und buesz, so vom gericht gewiesen,
158 2325 2574 2422 zwen theil, und den schöpfen ein theil. §. 3. Item weisen
164 2409 2574 2500 zue recht, das ein graf zue Wertheim, und sonsten niemand,
164 2493 2583 2587 die inwohner und güter zue Wersau und in der mark zue be-
177 1080 2522 1190 Copia centweisthumbs über das dorf Wersau de anno 1547.
158 2577 2580 2664 steuren habe. §. 4. Item weisen m. gn. herrn den atz, frohn
154 2658 2577 2754 und dienst zue Wersau, und wer s. gn. guter zue Wersau hab,
158 2745 2577 2841 der soll an solchen frohn und atz helfen. §. 5. Item weisen
164 2825 2580 2922 m. gn. herrn von Wertheim den banwein auf die kirben zue
167 2912 2580 3012 Wersau wie von alters zue legen. §. 6. Item weist der schöpf
170 3000 2577 3090 meinem gn. herren in der ganzen mark Wersau wasser und
167 3080 2574 3174 waid und in der ganzen mark zue jagen und fischen. §. 7.
164 3161 2583 3258 Item weist der schöpf zue recht, das alle inwohner und wer
161 3251 2580 3341 güter auf der mark Wersau besitzt, so oft es not thut, einem
158 3332 2580 3429 grafen von Wertheim als irem natürlichen herren huldigung
319 1222 2564 1325 Den weisthumb, so die alten zue Wersau gewiesen, habe
164 3422 945 3519 und aids pflicht etc.
841 3612 1912 3729 WENIGEN - UMSTADT. ³)
164 3774 2583 3887 Copia weisthumbs der gemeinde Wenigen Umstadt de anno 1530.
335 3912 2587 4022 §. 1. Zum ersten weisen wir die gemein sambt dem er-
309 4109 2593 4200 1) im hessischen Odenwald in der herschaft Breuberg (condominat
180 4187 2596 4274 von Erbach und Wertheim, resp. Löwenstein). aus Franz von Stockhau-
170 4264 2593 4345 sen, gründliche nachricht v. d. herschaft Breuberg, 1765, beil. nr. 96
170 4332 2032 4416 (handschriftlich im fürstl. löwenst. archiv zu Wertheim).
316 4400 2154 4483 2) jetzt Oberramstadt, ehemals katzenelnbogensche cent.
316 4470 2600 4564 3) beim städtchen Umstadt im hessischen Odenwald. vgl. bd. 5,237.
170 4538 1074 4632 Stockhausen, beil. 82 u. 83.
245 4629 496 4716 Bd. VI.
2145 4645 2209 4725 1
322 1645 2564 1741 §. 1. Item weist der centschepf zue Wersau einmütiglich
