2984 4920
1348 225 1838 335 FRANKEN.
380 232 464 329 4
1280 1264 1938 1377 AMORBACH. ⁴)
1503 1435 1716 1529 1395.
567 1596 2816 1703 Item dise hernoch geschriben recht und frihet hat ein ig-
406 1693 2822 1783 licher apte zu A. und sin closter in der stadt und vorstadt zu
403 1777 2819 1861 A. §. 1. Item zum ersten, wann ein nuwer apte wurt, so sal
400 1858 2819 1948 ein schultes, ein zentgrof, die burgermeister, der rate und die
400 1948 2816 2035 ganz gemeinde der obgenanten stadt und vorstadt eim apte
396 2035 2819 2125 globen und zu den heiligen sweren, getreuwe und holt zu sin.
396 2112 2822 2200 sin schaden zu warnen, sin gefure zu werben und gewarten zu
393 2196 2819 2283 sin und sins closters rechten, wann das alwegen bisz hero also
390 425 2816 522 von m. g. h. wegen darumb strafen. §. 15. Zum 15. weisen
396 2280 2819 2374 kommen ist. §. 2. Und wann ez dornoch were, das ein arme
400 2367 2819 2458 mann burger wurde oder an das gerichte do selbst swúre, der
403 2451 2816 2541 solte eim apte und sinem closter auch sweren in der forme,
403 2532 2816 2619 als obgeschriben stet. §. 3. Item ein apte und das closter
403 2616 2816 2712 hat auch das gericht halp zu A. und hat auch alle busz halp
400 2703 2819 2796 do selbst, ez kumme fúr gericht ader nit; und quem ez, das
400 2787 2812 2877 einer buszfellig uf der gemein würde oder an der stroszen an
400 2867 2812 2961 einer lanscheidung, oder wo von die busz quemen, die weren
396 2961 2816 3048 auch halp eins apts und sins closters. §. 4. ltem unsers gn. h.
393 512 2816 603 sie meim herrn den wildpann zu Wenigen Umbstadt. es soll
412 3041 2819 3129 von Mencz amptmann ist des selben gerichts ein beseczer und
409 3129 2816 3216 entseczer und hat auch den stab in der hant und ist gebieter
409 3209 2816 3296 und verbieter an dem gericht. §. 5. Und wann ez were, das
400 3290 2816 3387 u. h. von Mencz schultesz nit an dem gericht were, oder von
403 3377 2825 3467 gericht gen wolte, so solte er eins apts schultessen den stab
400 3464 2822 3548 ın die hant geben, der sal dann freger und gebieter sin die
406 3548 2819 3635 weil. §. 6. Item ein apte ıst aller gute ein lehenherre zu A.
406 3632 2819 3722 und ein beseczer und entseczer. und wer ein gut do uf geben
406 3716 2829 3803 will oder enpfahen, der sal ez eim apte oder sinem schultessen
390 603 2819 693 m. g. h. anfahen zu stellen mit den garnen zu Poden ¹) bei
406 3796 2822 3890 ufgeben oder von ime enpfahen, als dick des not geschiet; und
403 3887 2825 3974 sal ir iglicher sin gewonlichen handlon geben, als ez bisz here
403 3964 2819 4058 kommen ist, wann die eigenschaft des closters ist. §. 7. Item
403 4045 2819 4145 ein apte mag schaf haben ôn zale zu A. §. 8. Item alle die
400 4138 2819 4229 gut, die eim apte und sim closter vasznachthuner geben, die
403 4219 2822 4319 geben auch eim apte und sinem closter fronsnitter und fron-
554 4416 2245 4500 1) Boden? 2) Nilkheim. 3) Aschaffenburg.
545 4493 2825 4570 4) bairische stadt an der Mudau, südlich von Miltenberg aus Mones
406 4567 977 4641 zeitschr. 1, 14 ff.
390 683 2816 774 dem Bockstain oder Baidstain bis uf den schiffwege zu der
396 770 2819 854 wärd‚ und wan man ein wild antrifft , so soll man ime nach-
393 848 2819 941 folgen bis zu der Wiltzmüle herwert Nolckhaim ²) und gen
396 938 2819 1025 ÖOschenburg ³) uf die brucken und miıtten in Mein und den
393 1012 2293 1112 Mein hinauf bis zu der Lyterbach und Haybach.
