2984 4920
270 230 343 323 2
556 223 2406 326 ZWISCHEN NECKAR, MAIN UND RHEIN.
280 1013 2693 1103 schwein nach nutzen des eckern und stelt den hindersten fuesz
276 1093 2693 1193 do der vorderst gestanden hat, so hat sie den dehm vergangen;
283 1180 2693 1273 und so manche jar das schwein alt ist, als manchen ϑ ist man
276 1266 2693 1360 zudem von ir schuldig. ist sıe ein tag uber das jar, so ist
276 1350 2690 1443 man 2 ϑ, und für und für, als alt sie ist, von einem ieden jar
280 1436 2690 1530 1 ϑ. und wo einer oder mehr den ubrigen tag verschwigen,
280 1520 2693 1606 so haben die dehmsherrn gut macht, mit recht zu demselben
276 1600 2690 1696 schwein zu greifen, und wan es schon ım solle (stalle ?) lege.
276 1680 2690 1780 §. 4. Zum vierten ein vaszel muck oder schwein 1 ϑ, und von
280 1766 2686 1863 einem hauen schwein gibt man nicht. §. 5. Zum fünften ha-
270 416 2683 516 barn dorfgericht unserem genedigsten churfürsten und herrn
280 1853 2693 1950 ben meine gn. herren von Breuberg an diesem dhem 3 ϑ und
280 1936 2686 2033 mein gn. herr der commenthur zu Mosbach 2 ϑ. §. 6. Zum
280 2020 2693 2116 sechsten, welche meine gn. herrn von Breuberg, man oder frau,
276 2106 2693 2200 mit dem leibs aigen angehören, das behält den dritten ϑ am
280 2190 2696 2283 dehn innen; hören sie aber bede, man und frau, ihrer gn. mit
280 2270 2690 2370 dem leibs eigen an, sein sie des dehms frei; hört aber man
283 2360 2693 2453 oder frau m. gn. h. dem commenthur zu Mosbach mit dem
283 2443 2693 2540 leibs eigen an, so behalten sie 2 ϑ vorab innen; hören sie aber
273 506 2690 606 von Meintz, oberster herr und faut dieses fleckens, der uns
283 2526 2693 2623 bede ihrer gn. mit dem leib aigen an, sein sie dehms frei. hört
280 2613 2693 2710 aber man und frau bede, eins m. gn. herren von Breuberg
280 2696 2696 2783 und das ander m. gn. herrn dem commenthur zu Mosbach mit
283 2776 2693 2880 dem leibs aigen an, sein sie bede des ganzen dehms frei. §. 7.
283 2866 2696 2960 Zum siebenden, welcher uf sein frei aigenthumb sitzt, der ist
286 2943 2693 3040 zehendfrei. §. 8. Zum achten sein mein gn. herren zu beden
283 3030 2696 3133 theilen von diesem dehm der gemeinen nachbarschaft schuldig
283 3120 2693 3210 zwei viertel wein, ein frankisch und eines hoenser, zu geben.
283 3200 2696 3296 §. 9. Zum neunten so weisen wir m. gn. hr. dem commenthur
280 3290 2693 3370 zu Mosbach dritthalbhundert schaf in unser feld uber den
286 3366 2703 3466 dritten tag unserm vieh nach und mit fürzutreiben, und nicht
286 3456 2700 3543 darüber uber den brunnen hin, und nicht darunter, und bei
286 3540 2706 3630 warmer sonne in und auszufahren; und wo er intreibt, so ist
280 3626 2696 3716 ers der gemein schuldig zu verbüszen, dargegen ist m. gn. h.
283 3710 2693 3803 der commenthur zu Mosbach der gemein alhie alle jar den fas-
283 3800 2690 3883 nachtsbraden und pfingstgeld 10 β samt der zugehör zue ge-
283 3883 800 3973 ben schuldig.
650 4050 2360 4163 II. Copia weisthums zu Wenigen-Umstadt.
453 4196 2700 4300 §. 1. Erstlich weisen sie mein gn. herrn von Wertheim
290 4283 2700 4390 für ein obersten gerichtsherrn, die schöpfen desselbigen ge-
273 596 2690 683 beschleust mit thür und nägel und hat uns vor andern herrn
433 4483 2706 4576 1) bei Wenigen Umstadt, comthurei des Johanniterordens, in der cent
286 4553 2456 4643 Ostheim. vgl. Aschbach, gesch. d. grafen v. Wertheim II. nr. 19.
276 676 2686 770 zue gebieten und verbieten, und niemand vorab. §. 2. Zum
276 760 2680 853 andern meine gnedige herrn von Breuberg und mein gn. h.
280 843 2690 940 der commenthur zu Mosbach ¹) vor die dehmsherrn. §. 3. Zum
276 926 2690 1023 dritten, wann unsere wälde eckern haben, und gehet das
