2984 4920
991 239 2000 356 WENIGEN - UMSTADT.
2617 252 2700 343 3
276 1030 2690 1130 der zweithail der gemein. §. 4. Zum vierten, so einer den
273 1123 2690 1220 andern an dem rechten und im dorfsgericht anklagt und der
270 1206 2693 1303 beklagt dem kleger antwort gibt, so ist er volgends schuldig
276 1286 2690 1386 ime des rechten an obbenantem gericht auszuwarten, und wel-
273 1370 2693 1470 cher verlustig, soll dem gewinnenden theil meines g. h. schulthais
276 1460 2696 1550 zu volziehung des urtheil beholfen sein, damit ime sein schad
276 1540 2690 1636 gewendt vergolten und wider geben werd, und wenn der schult-
276 1630 2693 1723 has zu schwach ist, soll seine gnaden oder seiner gnaden
270 1710 2690 1806 amptleut ime helfen. §. 5. Zum fünften, wann einer zu Ost-
273 1796 2690 1886 heim buszig wurd an dem zentgericht für 10 Π, so wurd er
273 443 2691 543 gerichts zu setzen und zu entsetzen mit ehrn. §. 2. Zum an-
270 1883 2690 1980 m. g. h. auch buszig für 33 β und ein helbling [der helbling
270 1966 2690 2066 ist ein alte gerechtigkeit] und dem gericht 8 β, der drittheil
273 2046 2690 2133 des schulthaiszen. und was an dem landgericht zu Ostheim
276 2133 2690 2226 gerügt wurd, das soll zu Wenigen Umbstadt auch gerucht
280 2223 2690 2313 werden, als so einer den andern ein dieb oder boswicht schilt,
276 2300 2690 2396 welche den zentschepfen sind. §. 6. Zum sechsten hat meines g.
280 2383 2690 2480 h. schulthais die steinsetzer im feld und dorf [ausgenommen
283 2470 2690 2566 die landstraszen] und in der ganzen markung‚ es sien ecker
280 2556 2690 2643 wiesen weingarten, und uf alle guter zu Wenigen Umstadt zu
273 534 2695 626 dern weisen sie daselbsten gericht drei des jars, wann man
283 2640 2690 2733 furen, dieselbe zu setzen. was für buszen deshalben gefallen
283 2723 2690 2816 und sunst strafbar wurd, das hat m. g. h. schulthais zu strafen,
280 2803 2690 2896 die buszen sind des schulthessen, ist sein lon, und des gerichts.
276 2890 2693 2986 §. 7. Zum siebenden soll m. g. h. schulthais alle kauf umb die
273 2976 2690 3070 guter zu Wenigen Umbstadt weren. §. 8. Zum achten, wan
280 3060 2690 3153 einer in graben oder aber stein verzacken und buszig wurd,
280 3146 2686 3236 dieselben buszen hat das gericht den zweithail und der schult-
280 3223 2686 3326 hais den 3 thail. §. 9. Zum neunten, so die weld zu Wenigen
280 3310 2683 3400 Umbstadt besichtigt werden und das holz nit verbaut wurd,
276 3393 2690 3490 hat sie ein schulthais zu strafen, ist die straf des schulthaiszen
280 613 2690 710 dero bedarf, uf der gemein und nie meines g. h. kosten, werden
283 3480 2693 3576 und der gemein. §. 10. Zum zehenden weisen sie, das alle
280 3570 2690 3663 rederecker, so zu Wenigen Umbstadt ligen und mit dem pflug
280 3650 2690 3743 gebauet werden, auch wann neugereut gemacht, die vorhin nıt
276 3736 2690 3826 ecker gewesen, dieselben sind m. g. h.; so sie aber wieder zu
280 3816 2690 3910 holz und zu hecken werden, sollen sie wieder einer gemein
280 3900 2690 3996 sein. §. 11. Zum eilften weisen sie m. g. h. den dehem zu
290 3983 2690 4080 Wenigen Umbstadt und Mospach. §. 12. Zum 12. soll mei-
283 4070 2696 4166 nes g. h. schulthais die gultbrief und anders, so sie gemacht
283 4156 2686 4246 werden, versiglen. §. 13. Zum 13. weisen sie m. g. h. alle
280 4243 2686 4336 gerechtigkeit uf den welden in Wenigen Umbstatter markung.
276 700 2690 796 aber gemeiniglich gehalten das erst uf dinstag nach Walburgis,
280 4323 2683 4416 §. 14. Zum 14. weisen sie dem müller 12 huner, 1 hanen, 1
283 4410 2686 4496 kue an ein seul, 2 seu und 1 esel zu halten, und ein sieb do
276 4490 2686 4583 kein roden durchfelt, nichts dan staub; und wan er der stuck
283 4576 2686 4670 eins uberfart und etwas darüber helt, mag in der schulthais
273 786 2690 876 das ander uf dinstag nach Galli, das drit uf dinstag nach dem
276 863 2690 963 achtzehnsten ei. mens. §. 3. Zum dritten, die buszen so an
273 950 2690 1043 dem gericht gefallen, ist der dritthail des schulthaiszen und
