2984 4920
1196 264 1758 358 AMORBACH.
2629 267 2693 354 5
280 1132 2690 1222 mit im nemen, un die solten im helfen zihen das hertrecht oder
280 1219 2696 1312 bestheupt ôn hindernisz aller mengklichs. §. 11. Were ez
280 1306 2693 1396 aber sache, das ein frauwe auf des closters guten sturbe, so
280 1387 2696 1483 sal eins apts schultesz uf die gut gen und sal mit ime nemen
283 1470 2700 1564 zwo frauwen, die nehsten nachbürin do bi gesessen, und die
280 1554 2700 1645 sollen ime helfen das best wotmole zihen, auch ôn hindernisz
280 1638 2703 1732 aller mengklichs. §. 12. Item ein apte und das closter hat
277 1725 2696 1816 auch die recht und frihet zu A., queme ein fremde mann und
283 1806 2700 1900 sturbe in der stad oder vorstad uf des closters guten, do das
274 454 2693 554 heuwer, uszgenommen Kolhaszen hus, das geit nit mehr dann
280 1890 2703 1990 closter vasznachtshuner uf hette, do von dann hertrecht ge-
280 1977 2696 2070 fallen sollen, der sollte ein hertrecht oder bestheupt geben, er
287 2067 2700 2154 queme here wo er wolde, hette er anders eigen vihe oder teile
283 2145 2703 2241 an eim vihe. des selben gleichen ist auch mit einer frauwen,
283 2229 2696 2319 die fremde were und sturbe uf den guten, als obgeschriben
280 2319 2700 2409 stet, dıe sal das best wotmole geben. §. 13. Item ein apte
283 2400 2700 2487 und das closter hat die recht und frihet zu A., als manig hert-
280 2487 2700 2574 stad in der stad und vorstad ist, das igliche hertstad sal geben
283 2567 2700 2658 besunder 1 β, uszgenommen die Schenkengasse und der Ru-
277 545 2693 635 40 heller und ein vasznachthun. §. 9. Und were ez, das ein
283 2651 2703 2741 den hofe. §. 14. Item, wer do buwet zu A. uf die gemein, der
280 2735 2706 2829 sal eim apte und sim closter geben ein vasznachthun mit sim
283 2822 2703 2916 falle, wann die eigenschaft des closters ist. §. 15. Und sal
277 2909 2700 3000 auch niemants kein gemeinde zu A. hin leihen ôn laube eins
280 2990 2700 3083 apts und sins closters. §. 16. Item aller zole, der do gefellet
277 3070 2696 3167 zu A., den niemt ein apte, und sal auch sonst niemant keinn
280 3158 2693 3248 zole do han, wann ez von alter here also kommen ist. §. 17.
277 3235 2700 3335 Item ein apte hat die recht und frihet, das sin schultesz pfen-
277 632 2696 719 mann der selben gut eins innhette und sturbe, der müste eim
274 3325 2700 3416 den mage umb des closters zins, gulte, busze, einung und auch
280 3416 2696 3503 umb ander des closters frihet und recht. §. 18. ltem ein apte
277 3496 2696 3583 hat das recht und frihet, das er ein förster seczen sal mit rate
277 3577 2696 3670 eins fauts über die welde, und der selbe forster sal eim apte
277 3661 2693 3758 globen daruber und zu den heiligen sweren. §. 19. Item ein
280 3751 2696 3838 apte hat das dritteile an der busz also von des sübuchs wegen,
277 3829 2700 3916 und sal auch dem förster lonen zum dritteil, auch von des sü-
280 716 2696 812 apte und sim closter das hertrecht , mit namen ein bestheupt,
280 3912 2700 4009 buchs wegen, und sal auch ein forster nit rugen, ein apte oder
280 4000 2700 4090 sin schultesz sin dann auch do bi. §. 20. Auch sal man sonst
277 4083 2706 4177 alle einung rugen vor eim apte oder sim schultessen und vor
283 4170 2700 4258 eim faut, was der fellig sin also von der welde wegen. §. 21.
277 4254 2706 4348 Item, wann die burger schúczen wollen seczen, das sollen sie
277 4338 2703 4425 thun mit rate eins apts oder sins schultessen, und die selben
287 4419 2703 4509 schuczen sollen eim apte globen und zu den heiligen sweren,
283 4503 2700 4596 des sin und sins closters und auch sonst idermann getrulich
283 4587 2700 4687 zu hüten. §. 22. Item ein apte hat auch das recht und die
274 800 2696 887 und ein frauwe sal geben das beste wotmole. §. 10. Und wann
280 890 2696 974 ez note geschee, das ein hertrecht, ein bestheupt oder ein wot-
283 974 2696 1061 mole fellig würde uf des closters guten, so solte eins apts
280 1054 2693 1145 schultesz uf die gute gen und solte der nehsten nachbüre zwen
