1596 2500
255 82 314 128 IV
255 167 1460 221 und s. Castor (zu Coblenz); Himmerode, Springersbach, Laach,
342 632 1458 685 Doch ist lange nicht alles zu sammeln möglich gewesen,
253 685 1462 737 manches in der fahrlässigkeit oder barbarei selbst der jüngsten
255 737 762 791 zeit zu grunde gegangen *).
341 789 1462 841 Der erste theil soll unverzüglich unter die presse kommen.
255 839 1462 894 Teuscht mich nicht meine vorliebe, so wird diese samlung unsre
253 891 1464 944 rechtsalterthümer unglaublich bereichern und beinahe umgestal-
251 941 1464 998 ten, wichtige beiträge zur kunde der deutschen sprache, mytho-
251 998 1466 1051 logie und sitte liefern, überhaupt aber gewissen partien der frü-
255 1050 1462 1103 heren geschichte farbe und wärme verleihen; denn es braucht
253 1100 1464 1153 nicht erst gesagt zu werden, daſs der ursprung vieler in den
255 219 1462 273 Brauweiler, Marienrode, Essen, Cornelismünster und Ravengirsburg.
255 1151 1466 1203 überlieferungen der weisthümer enthaltnen gebräuche weit über
253 1200 1080 1253 das datum ihrer aufzeichnung hinaus reicht.
358 1301 776 1350 Cassel 7. dec. 1839.
1064 1342 1383 1396 Jacob Grimm.
326 1435 1467 1478 °) vor nicht lange berühmte sich in einer gesellschaft am Rhein jemand
251 1471 1466 1510 ein altes weisthum verbrannt zu haben, um diesen überrest des mittelalters
251 1507 1457 1546 zu vertilgen, worin unter anderm die formel vorgekommen sei: den schöf-
253 1546 1462 1585 zen solle an ihrem gerichtstage ein eimer meth vorgesetzt werden so voll,
255 1578 1467 1616 daſs eine fliege am äuſsersten rande trinken könne (der gebrauch des meths
346 273 1462 323 Alle diesen zweiten band bildenden rechtsdenkmale sind er-
253 1614 1462 1658 in diesen gegenden erhellt auch aus s. 779. 781.) Wer dies denkmal etwa
255 1653 1460 1687 noch in einer niederschrift besäſse, und gleich andern unbekannten weisthü-
255 1687 1460 1728 mern, namentlich dem alten von Haaren (dicht bei Achen), das ich mir nicht
257 1723 1464 1762 zu verschaffen im stande war, milttheilen wollte, würde sie in künftigen nach-
253 1758 660 1800 trägen abgedruckt finden.
255 321 1462 376 wachsen auf der linken seite des Rheins, in einem durch schmach-
253 376 1462 426 volle friedensschlüsse von dem deutschen reich ehmals abgerissenen
253 425 1462 480 und ihm noch nicht wieder ganz eroberten lande. Welcher kern
251 476 1462 532 deutscher sitte in ihm gelegen war, verbürgt am sichersten eine
253 532 1462 585 samlung echt volksmäfsiger rechtsgewohnheiten, die nirgendwo
251 582 964 632 sonst reicher und fruchtbarer ausfällt.
