1609 2500
543 427 961 484 ZUR NACHRICHT.
252 536 1365 609 Der zufall will es, daſs dieser zweite theil einer lange
152 1027 1363 1081 zu, einer frisch sprudelnden quelle sich zu nahen, wenn auch
150 1079 1365 1131 die brunneneinfassung noch nicht vollführt und der schöpfeimer
152 1127 500 1181 unaufgehangen ist.
236 1179 1368 1238 Was den umfang der gegenwärtigen abtheilung anlangt, so
147 1238 1368 1286 erstreckt sie sich von Diedenhofen , Sarbrücken und Creuznach
150 1284 1370 1336 nordwärts bis nach Achen und Crefeld, hält also ganz das gebiet
150 1336 1365 1393 der Mosel, Saar, Nahe, Ahr und Ruhr ein, dazwischen laufen
152 1393 1368 1445 die kleineren flüsse Bliefs, Sure, Kill, Salm, Lieser, Simmer,
152 1443 1368 1497 Nette, Erft, Calle und Inde. Die gebirge des Hochwaldes, Idars,
154 1493 1370 1547 Hundsrückens und der Eifel fallen in diese abgrenzung. Theile
143 611 1361 661 schon angekündigten samlung vor dem ersten erscheint und ohne
154 1543 1372 1600 von Lothringen, Luxemburg und der Pfalz werden von ihr be-
152 1600 1370 1652 rührt, hauptsächlich aber sind ihr boden die länder von Trier,
152 1650 1375 1704 Cöln und Jülich, nur allenthalben von kleineren weltlichen oder
154 1700 1372 1759 geistlichen besitzungen durchkreuzt. Jener kommen in betracht
154 1759 1372 1809 die grafschaften Sarbrücken, Sponheim, Blankenheim, Mander-
152 1809 1372 1863 scheid und Virnenburg, die burggrafschaft Rieneck, die herschaften
156 1861 1372 1915 Esch, Schleiden, Winnenburg, Geroltstein, Junkerad , Schöneck,
154 1911 1372 1965 Moncler, Monjoie, Kerpen, Stein, Sötern, welche oft als
156 1963 1372 2015 vogteien dem geistlichen grundeigenthum zur seite stehn. In die
154 2013 1372 2072 obergewalt der erzstifte Trier und Cöln, zum theil auch des
145 665 1365 713 das ihnen beiden zugedachte geleit. ein glossar sollte den un-
154 2068 1372 2122 Metzer bisthums und Mainzer erzstifts greifen sodann auf das
159 2120 1375 2175 manigfaltigste die güter und rechte einzelner meist reicher und
163 2175 1372 2229 angesehner abteien und klöster, namentlich von Prüm, Echternach,
161 2227 1372 2279 Wadgassen, Tholey, Hornbach, Herbizheim, Metloch; s. Maximin,
161 2275 1375 2331 s. Mattheiſs, s. Paulin, s. Simeon, s. Irmin (zu Trier), s. Florin
147 713 1363 765 mittelbarsten schwierigkeiten des verständnisses abhelfen, die aus-
145 763 1365 818 führliche vorrede aber von der natur der hier mitgetheilten denk-
150 815 1365 870 male, ihrem alter, ihrer vielfachen bedeutsamkeit, endlich von der
150 870 1363 920 dem unternehmen widerfahrnen unterstützung rechenschaft geben.
150 922 1363 972 Doch ehe das alles bequem geschehn kann, müssen die texte
150 977 1363 1029 gedruckt vor augen liegen. Ich traue dem publicum lust genug
