2500 4100
419 180 525 261 64
1222 170 1609 264 AARGAU.
429 822 2432 909 lichs zins und recht gan und usgericht werden bi dem mes
425 896 2429 974 als von alter har sit und gewonlich ist. §. 20. Man sol einem
425 967 2432 1045 probst zinsen mit den pfennigen und bi der münze, die man
429 1038 2435 1109 denn da in dem land schlat, und gat und löjfig ist. §. 21. Es
429 1106 2432 1187 mag ouch ein probst oder sin bot um sin nüzze und zins die
432 1174 2432 1258 lüt angrifen und pfenden, mit gericht oder ône gericht, und
429 1245 2429 1325 mag die pfender mit gericht oder ône gericht verkoufen oder
425 1312 2432 1390 mit im füeren, war im füeglich ist, und sol im ein meier darzu
432 1380 858 1454 beholfen sin.
432 332 2425 425 wîben noch mannen uszer der gnoszschaft. §. 18. Wer, daz
567 1441 2438 1532 §. 22. Wer, daz ieman sin erblehen oder des gotshuses güeter
422 1519 2435 1600 selber nit buwen wellte oder enmöcht, und der dann dieselben
422 1590 2429 1674 güeter verschlahen und gen andren lüten versperren und ver-
422 1664 2435 1741 sprechen welte, daz si nieman buwen sölte, und daz daran
429 1732 2441 1806 einem probst sin zins nit werde, und damit die güter wüest
429 1803 2435 1883 lägent, der soll einem probst fünf pfund pfennige verfallen
435 1870 2429 1945 sin, und sond daran dieselben güter einem probst genzlich
432 1935 2438 2019 lidig sin. §. 23. Were, daz ieman des gotshuses erbgüeter oder
429 2009 2438 2087 andre güeter inhett und die niesze oder genuzzet het, es were
429 2074 2432 2158 vil oder wenig, derselb sol einem probst sinen vollen zins
429 2145 2435 2229 usrichten und dem darumb genuog tuon und des alweg ge-
429 2216 2432 2300 horsam sin. §. 24, Were ouch, daz von des gotshuses güetren
429 2283 2432 2364 iemand kain stugk, es were acker, matten, holz oder veld, es
425 2354 2432 2435 were vil oder wenig, verkouft, versetzt oder verstolen hette,
425 2425 2432 2503 oder daz hienach tät, der sol dem probst 10 Π ϑ verfallen sin,
432 2496 2432 2570 wer der ist, und sol dazuo alli sini recht, die er zuo demselben
425 2558 2429 2645 guot hat, genzlich verloren han. §. 25. Wer, daz ieman uszer
425 2632 2435 2716 des gotshuses güeter und darab dheinen zins oder järlich gült
432 412 2419 490 ein gotshusmann oder wib ze der ê käm mit einem andren,
429 2703 2435 2783 verkouft oder darab etswaz geordnet und gesetzzet hett, oder
429 2770 2435 2854 sölich ding hienach täte, und dazselb denn mit eines probstes
429 2841 2432 2919 willen und wissen nit beschechen were, oder mit siner hand
429 2909 2432 2987 nit erloubt und gevertiget were, oder von einem probst darum
429 2983 2432 3058 nit urkund hett, dasselb verkofen, ordnung und gesezt sol kein
432 3051 2435 3129 kraft noch macht haben. und wer der ist, der daz tuot, es
432 3119 2435 3196 were der, der also verkoufti, ordneti oder satzti, oder der, der
432 3190 2432 3267 den kouf, ordnung und satzung âne des probstes wissen, gunst
429 3264 2432 3332 und willen in kein wise naeme, dieselben beid teil sol ieckli-
429 3329 2429 3400 cher einem probst 5 Π ϑ vervallen sin und darzuo alli sini
429 477 2425 558 daz des gotshuses von St. Gallen nit were, desselben kind,
432 3400 1967 3477 recht an demselben guot genzlich verloren han.
570 3467 2429 3548 §. 26. Es sol ein probst halben teil nemen, waz nuzzes und
425 3541 2429 3616 genieszes von den hochwälden und von den hölzern und wäl-
429 3612 2429 3687 den, die gemeinewerk sint und heiszent, gevallet, des si vil
429 3680 2425 3758 oder wenig; und wär, daz achram oder andres da von den
432 3745 2174 3832 wälden viele, da ist der halb teil ouch eines probstes.
429 545 2425 629 die denn dem gotshus nit zuogehörent, die sond des gotshus
425 616 2425 703 güter von St. Gallen nit erben und sint dem gotshus genzlich
429 690 2106 770 lidig, er mag es denn an eines probstes gnade han.
567 754 2429 841 §. 19. Es soll eines probstes zins und rechtung vor meng-
