2500 3997
876 178 1350 257 KOELLIKON.
1988 185 2088 257 65
123 871 2085 950 Kulm genzlich ufnemen und însammlen ân allen sinen. scha-
123 942 2085 1019 den. und wär, daz ein probst oder sin boten ze dene ziten,
119 1011 2088 1083 als die zins gevallet, von dem keller oder von den huoberen
121 1076 2088 1152 nit fürderlich usgericht wurde und des ze schaden käme von
119 1147 2088 1221 zerung oder anders wegen, wie sich das füegte, denselben
119 1214 2090 1288 schaden sond die denn ustragen, die des sümig waren, und
121 1280 2088 1352 mag ein probst si darumb angrifen und pfenden oder sin bo-
123 1347 2090 1421 ten, mit gericht oder âne gericht, wie si wolent, und sol ein
121 1416 1988 1485 meier mit im riten und gân und sol im darin behulfen sin.
240 328 2085 416 §. 27. Wenn ein probst oder sin boten gen Kölliken koment,
266 1485 2092 1561 §. 29. Es vallet eim probst sin zins und nuzzz würent in dem
111 1552 2078 1630 jare, daz ist ze sant Johannstag ze sunngichten einist und ze
121 1623 1316 1688 sant Andrestag ze dem andren male.
264 1680 2097 1761 §. 30. Es sol ein keller den kelnhof in guoten eren han
123 1752 2097 1830 mit hüseren und mit spîcheren, daz or einem probst sin zins
119 1819 2095 1897 behalten und versorgen möge, und daz ein probst oder sin
121 1885 2095 1961 boten mit iren pferden guot gemach bi im haben, und sol den
121 1952 2095 2028 kelnhof unwuostlich han, und sol nüt darab füeren noch ver-
121 2021 2097 2095 koufen. wenn aber dis stugk deheines gebrest, so ist ein keller
121 402 2088 473 so sol inen und allen den, die si mit inen bringent, der si vil
121 2085 2100 2166 dem probst 10 Π ϑ vervallen, und sol im darzuo der kelnhof
123 2157 2100 2235 ledig sin. §. 31. Wenn ein probst oder sin bot ze sant Andres
123 2226 2100 2300 misz in den kelnhof kumt, so sol ieder huober komen und zinsen
128 2295 2102 2361 mit zwen viertel dinkel und mit einem fueder holz und mit
126 2361 2102 2435 einem bette; und sol uszer dem dinkel ein brot machen, und
128 2426 2102 2500 sol daz brot uf sinen fuos sezzen für sin knüwe, und waz für
128 2492 2102 2564 daz knüwe ufschlat, daz sol er abschniden und sol daz sinem
128 2564 2102 2633 knecht geben, der den zug wider heimtribet, und sol dann
119 466 2090 540 oder wenig, ein keller all kost geben, und sol inen win und
130 2630 2102 2704 der huober das ander teil mit dem probst essen, allediewile
133 2700 2102 2769 er da ist §. 32. Es sond die schuppusser ieglicher zwei viertel
130 2766 2102 2840 haber bringen, und sond den habern ungerollet malen und
133 2835 2102 2911 sond in bachen, und sond bi dem probst oder sinen boten sin,
133 2900 2104 2976 allediewile, er da ist, und sond im holz howen, wasser intra-
138 2969 2104 3045 gen und den ofen heizen. §. 33. Es sol und mag ouch ein probst
140 3035 2104 3109 holz houwen in allen hölzeren und wälden um und um, wenn
142 3100 2102 3171 er will und wie vil er will, und sol im das nieman weren noch
142 3171 730 3242 sumen noch irren.
119 533 2088 611 iren pferden heu und fueter geben, als lang si da sint. es sol
519 3307 1764 3395 Dis sint eines vogtes recht ze Kölliken,
283 3433 2107 3521 §. 34. Des ersten sol ein vogt in dem kelnhof zu Kölliken
159 3509 2111 3578 von dem keller ze sant Johannstag ze sungichten und ze sant
166 3571 2107 3650 Andrestag einen dienst nemen, daz ist einmal ietweders tages
164 3638 2111 3719 âne alle geverde, und nit me. §. 35. Sol einem vogt ieclich
321 3733 504 3800 Bd. V.
1733 3738 1783 3795 5
119 602 2088 678 ouch kein keller dem probst oder sinen boten ein wischtuoch
123 673 2090 747 geben, damit ire knecht die rosz wischent. §. 28. Es sol ein
121 738 2090 816 keller einen probst all sin nuzze und zins oder zehend, korn
119 804 2085 880 oder pfenning ze Kölliken, ze Muchen, ze Holziken und ze
