2500 4100
1300 187 1596 274 BASEL.
425 193 529 270 54
429 906 1883 983 lehen ist als ein (I. eines) andern lehenmans.
570 974 2441 1058 §§. 14—16 im wesentlichen übereinstimmend mit §§. 14. 17
429 1048 1600 1119 und 18 der öfnung von Bielbenken.
425 1180 2429 1274 HOFRECHT ZU MUTTENZ UND MOENCHENSTEIN ¹).
1348 1280 1525 1358 1464.
561 1409 2432 1500 §. 9. Wer ouch den andern in den obgen. dorfern, zwing
432 1483 2438 1567 und banne und gericht wundet so vast, das man es heften und
435 1554 2441 1635 bein usznemen muosz, sol verbessern 3 Π ein helbling. welher
425 1629 2432 1700 aber messer zucket und nút tuot, der soll verbessern
429 1690 2438 1774 9 β ϑ. §. 10. Welher ouch den andern slüge oder wúrfe
425 341 2419 429 und widerredt ein pfand ze geben, der bessert 9 β. und ist,
432 1764 2438 1845 mit bengel, kannen oder andern dingen gelider entzwei, der
438 1832 2435 1906 verbessert dem herren 21 Π. müszt man es aber heften, meiszlen
432 1896 2435 1974 oder bein usznemen, so verbessert er 10 Π ϑ. muosz man es
429 1970 2435 2048 aber pflastern oder sust heilen, so verbessert er 3 Π ein helb-
425 2041 2438 2116 ling. §. 11. Welher ouch in ieglichem obgemelten dorf dem
432 2112 2438 2190 vogt, banwarten oder den vier geschworen, so ie zuo ziten
429 2180 2435 2258 sint, oder ir einen oder me under inen hiesz liegen oder
429 2251 2432 2325 fluochte oder frevenlich wiıder si rette, der sol verbessern
432 2319 2435 2400 dem herren ône gnade 10 Π. wer aber ône das den andern
432 2387 2429 2474 hiesz liegen oder frevenlich fluochte, sol dem herren ône gnade
425 422 2416 500 das er den bom vom holz fürt uf das veld und da funden wirt,
432 2458 2432 2532 verbessern 3 β 4 ϑ. §. 12. Wem ouch sin guot verboten
429 2529 2432 2609 wirt durch die vogte, der vierer oder der banwarten einen,
425 2596 2429 2680 oder wie sust die gebot von des herren oder der gericht wegen
425 2664 2432 2745 bescheen, der solich gebot nit haltet oder die sachen, so ver-
422 2741 2445 2806 boten sint mit recht, nit entslahet, der sol verbessern 10 Π ϑ
425 2806 812 2887 ône gnade.
570 2870 1938 2958 §§. 13—17 stehen bd. 4,474 als §§. 9—13.
548 3054 2429 3125 1) aus den rechtsqu. von Basel 2, 54—58. die öfnung ist zum gröszten
432 3112 2432 3187 theil bereits bd. 4, 471 abgedruckt. daselbst zeile 12 v. o. zwischen „punc-
429 487 2416 570 der bessert 3 β. item, ist, das iemant den wald wüstet, nit ze
432 3174 2429 3245 ten“ und „aller“ (l. allen) ist einzurücken : „aller und ieglicher ingangen und
432 3232 2432 3300 ze rat worden bin, gebiet ouch daruf vögten und geschwornen, so denn bi zi-
425 3293 2432 3358 ten, und“. zu §. 8 ist hinzuzufügen: „muosz man es aber nit heften und
425 3354 2429 3422 meiszlen, sol er verbessern dem herren 3 Π 1 ϑ. zuo glicher wise, hebt
425 3416 2429 3470 er ein stein uf und wirfet nit, sol er verbessern 3 Π 1 ϑ". die im text
419 3464 2425 3532 abgedruckten vier artikel folgen unmittelbar darauf, vor dem art. 9 der
416 3529 2419 3590 frühern mittheilung. — Die bd. 4, 473 abgedruckte öfnung von Muttenz.
416 3587 2422 3658 gleichfalls von 1464, steht jetzt auch rechtsqu. von Basel 2, 59—61. da-
425 3645 2429 3709 nach ist zeile 2 v. u. zu lesen: „hoch und nach zuo dienen.“ z. 15 v. u.
419 3700 2422 3770 einer st. eynem. über die formel „hoch und nach" oder „hoch und noch“
429 558 2419 641 noturftigen prúchen des buws oder pfluogs, der bessert mit
422 3767 2109 3838 vgl. den anfang der folgenden urkunde sowie rechtsqu. 2, 554.
429 629 2419 712 schatzung des schaden 9 β und einen helbling. und dis bes-
429 700 1432 777 serungen sind alle des probsts.
567 764 2432 845 §. 13. Item die besserung eins meiers von sinem ambt
425 832 2435 916 ist sin ambt oder 5 Π, ob er wil, und die besserung von sinem
