2500 4100
390 190 503 274 12
1258 190 1551 274 WAAT.
390 912 2432 990 §. 12. Item nullus de hominibus de Apples potest nec debet
396 983 2435 1061 facere burgesiam, iuramentum seu custodiam alicuius civitatis,
400 1048 2432 1129 burgi, villae vel casti, nisi de licentia domini prioris, nec
396 1122 2435 1196 contra ius memoratae ecclesiae aliquod auxilium vel patrocinium
393 1190 2432 1270 invocare; et si contrarium fecerit, nisi infra quadraginta dierum
396 1258 2435 1341 terminum sibi a domino priore praefissum resipuerit a prae-
396 1329 2441 1403 dictis, debet de dominio ipsius recedere, et eius hereditas debet
400 1403 1361 1483 praedictae ecclesiae remanere.
532 1467 2432 1551 §. 13. Praeterea sciendum est, quod de plana clama deben-
403 1538 2435 1616 tur domino priori 3 β a nobis, hominibus praedictis. §. 14. Item de
390 348 2425 429 nuerit, quod conventus dictae ecclesiae in escis et victualibus
400 1603 2435 1687 devestitura debentur 9 β. §. 15. Item de percussione pugni
400 1674 2432 1751 3 β. §. 16. Item de percussione palmae 5 β. §. 17. Item de
400 1745 2441 1829 percussione pedis 10 β. §. 18. Item de vocatione pugnex¹) in-
400 1812 2438 1890 iuriose 10 β. §. 19. Item de percussione gladii usque ad effu-
400 1880 2441 1958 sionem sanguinis iniuriose 60 β. §. 20. Item de vocatione me-
396 1954 1490 2029 sel ²) vel avoutro ³) iniuriose 10 β.
538 2022 2438 2103 §. 21. Item de defectu maioris de Apples per mortem ipsius
400 2093 2445 2174 debet legitimus heres suus de corpore suo procreatus pro re-
400 2161 2445 2241 placito domino priori 25 β. si vero alius replacitare voluerit
393 425 2425 503 non possit sufficienter sustentari, et nos huiusmodi dampna vel
400 2232 2438 2309 officium maioriae, illud debet asse ad voluntatem domini prioris.
400 2303 2438 2383 §. 22. Item post mortem duorum famulorum proprii heredes
400 2370 2435 2448 ipsius debent pro replacito 15 β. §. 23. Item post mortem fore-
396 2445 2441 2522 stariorum proprii heredes debent 18 denarios. §. 24. Item post mor-
400 2509 2441 2590 tem colengiariorum proprii heredes debent 15 ϑ. si autem alius re-
400 2577 2435 2664 placitare voluerit, illud esse debet ad voluntatem domini prioris.
403 2651 2438 2722 §. 25. Item illi qui non sunt colengiarii, quilibet eorum debet
400 2716 2438 2796 2 ϑ censuales in nativitate domini solvendos pro affoagio ⁴) suo.
400 2790 2441 2870 quem censum recuperare debent forestarii domini prioris, et
396 500 2429 574 consimilia non incurrerimus, tenemur praedictae ecclesiae auxi-
396 2861 2203 2935 inde levare debent decimum denariorum pro labore suo.
541 2922 2432 3006 §. 26. Item causae quae moventur aut movebuntur apud
409 2996 2435 3080 Apples per clamam factam, ibidem ventilentur et terminentur,
406 3070 2432 3145 nisi dictae causae tam graves et arduae extiterint, quod ibidem
406 3132 2429 3216 nequcant commode terminari, aut per appellationem vel pro-
403 3206 1983 3274 vocationem factam ad curatum Romanimonasterii.
541 3270 2432 3354 §. 27. Item duodecim colengiarii residentes in villa Apples
400 3345 2429 3419 habent usum suum in nemoribus bannicis pro levaturis domo-
393 564 2429 645 lium facere moderatum. §. 11. Praeterea nemo potest contrahere
400 3419 2429 3487 rum suarum, si necessitate, vetustate aut incendio corruerint,
400 3480 2432 3558 et non aliter, in nemoribus autem mortuis ⁵) habent affoagium
525 3629 2419 3703 1) punais? Delius. 2) aussätzig. 3) adulter, ehebrecher, hurensohn.
522 3693 2419 3758 4) l.affocagio, das recht, brennholz zu sammeln (frz. affouage). s. art. 27.
519 3754 1083 3825 5) s. seite 4 anm. 6.
396 632 2429 706 matrimonium cum aliqua muliere de Apples libera domini
400 700 2429 783 prioris, nisi fuerit talis conditionis et status sicut alii probi ho-
396 770 2429 854 mines de Apples, nisi de licentia domini prioris; et si secus fece-
396 841 2429 922 rit, hereditas dictae mulieris domino priori incidat in commissum.
