2500 4100
778 200 1269 283 KOELLIKON.
1940 204 2033 283 67
83 985 2033 1064 schirmen und sol si bi allen iren rechten und guoten gewon-
83 1050 2035 1130 heiten lassen beliben, bi dem eide so er dem gotshus darum
83 1119 2038 1200 getan hat. §. 49. Wäre, daz ein vogt den gotshuslüten übertät
83 1190 2033 1266 oder widerrechts täte, dasselb sond die gotshuslüt an einen
85 1259 2040 1338 probst bringen; und wäre, daz der vogt fürderlieh davon nit
85 1330 2040 1407 lassen wollt, oder ein probst in darzuo nit wisen moechte, so
83 1400 2038 1485 mag der probst die gotshuslüt nemen und mag mit inen gen
85 1471 2040 1545 Arou, gen Zofingen oder gen Lenzburg in die stätt einer
85 1545 2038 1621 varen, und mügent da die gotshuslüt mit des probstes urloub,
83 1609 2035 1680 wissen und willen burger werden, und sond da über nacht
85 350 2038 438 die meierämtiges guot hand, die sond einem meier umb sin
85 1676 2035 1752 beliben, und sond denn hinwider heimfaren, und sond darum
88 1747 2042 1819 einen vogt nit fürchten. §. 50. Der gotshusman sol aber redlich
90 1816 2042 1895 ernstlich sach uszichen, die er ze worten bringen künne, von
92 1888 2038 1964 waz sach und schulden wegen er daz burgrecht an sich nemen
95 1954 2030 2030 soll. 51. Wäre aber, daz also beschäch, daz der gotshuslüten
100 2023 2026 2102 ieman burger werden wölt, das sol er ân des probstes urlob,
100 2095 2026 2164 wissen und willen nit tuon, und dasselb burgrecht sol denn
92 2164 2035 2242 dem gotshus von sant Gallen an allen iren güetern, rechtung,
90 2233 2038 2307 an ehaftinen, friheiten und guoten gewonheiten unschedlich
85 428 2035 507 zins und rechtung, als hievor geschriben ist, an dem achtenden
90 2300 2040 2378 sin, und sol die gotshuslüt das burgrecht nit schirmen. §. 52. Were
90 2371 2033 2450 ouch, daz in dem twing ze Kölliken vor gericht ein urteil
85 2442 2033 2519 stöszig wurd, dieselben urteil mögent und sond die lüt von
88 2509 2040 2592 Köllikon gen Rorbach ziehen in den kelnhof, wôn die höf
85 2580 2033 2659 ze Kölliken und ze Rorbach einander genosz sind und gliche
85 2650 388 2723 recht hand.
230 2792 1838 2869 Dis ist von den wälden und hölzeren ze Kölliken.
180 2919 2042 3000 §. 53. Die wäld und die hölzer, die von alter har nit ver-
83 2988 2045 3071 houwen oder nit undergangen oder mit marksteinen usge-
80 3064 2042 3138 zeichnet und gezogen sint, daz anders nieman verdenkt noch
85 497 2033 580 tag nach sant Andrestag sin zins und rechtung gewërt han;
80 3133 2045 3211 gehört hat, dieselben wälder und hölzer heiszent gemeinwerk.
83 3197 2047 3280 §. 54. Uszer disen hölzeren und wälden, die also gemeinwerk
92 3266 2045 3352 sint, so sont die gotshuslüt und die huober holz hôwen ze
90 3333 2047 3421 brennen, ze zünen, ze zimberen, hüser und spicher ze machen,
90 3411 2045 3492 stäg und weg, wunn und weid ze machen und ze besseren,
90 3476 2047 3559 als vil und digk si das bedürfent und nottürftig ist. §. 55. Wer,
88 3542 2045 3626 daz die gotshuslüt und huober in demselben gemeinwerk solich
85 3614 2045 3692 hölzer nit fundent noch haettend, die ine in diesen dingen
88 3680 2047 3766 füeglich werent, so sond si einen vogt bitten, daz er inen
85 569 2035 645 wer aber daran sumig were und daz nit täte, der sol einem
97 3757 2045 3835 gunne soliche hölzer in den hochwälden ze howen, der al denn
85 638 1314 716 meier 3 β ϑ ze besserung vervallen sin.
342 778 1750 873 Dis sint der gotshuslüten recht ze Kölliken.
180 909 2038 992 §. 48. Des ersten sol ein vogt die gotshuslüt getrüwlich
