3102 5034
523 316 588 400 2
519 492 1097 576 Adelbach I, 79 f.
519 1140 1254 1219 Adelsbach, der V, 361.
1764 3285 2340 3352 Aider, die IV, 77.
1764 3350 2338 3426 Aidincourt V, 39.
1766 3423 2471 3497 Aidtberg s. Eichberg.
1761 3492 2926 3571 Aierwiese (Ainerwiese?), die IV, 582.
1759 3566 2319 3640 Aige, I' IV, 259.
1764 3635 2330 3714 Aigmont IV, 680.
1764 3711 2338 3788 Ailf, graf III, 11.
1764 3785 2838 3850 Aymo bischof von Genf V, 15 ff.
1766 3850 2611 3930 Ainer, Einer, die IV, 582.
1764 3928 2480 3992 Ainkürn: Konrad der.
516 1214 1088 1288 Adelswil IV, 388.
1766 3990 2407 4069 Aintenloch III, 678.
1764 4069 2485 4140 Ainwille: Konrad von.
1764 4138 2376 4211 Airſsburg III, 777.
1764 4209 2935 4283 Airwichtrich II, 706. vgl. Wichtrich.
1761 4280 2416 4357 Aitenpah VI, 115 f.
1759 4357 2933 4428 Akarben, Akerben III, 451. 457. vgl.
1828 4423 2090 4495 Karben.
1761 4492 2452 4569 Akela, witwe II, 651.
1757 4566 2414 4638 Akruffel s. Okröftel.
521 1283 1683 1364 Adenau II, 611. VI, 589 ff. Malthe-
585 1361 1683 1435 sercomthurei zu A. II, 613. Johann
585 1428 1269 1500 und Nicolaus von A.
519 1497 1159 1576 Adendorf II, 650 ff.
521 1571 1683 1652 Adenstede, Adenstedt III, 252 n. 257.
519 1645 1183 1721 Aderde, der III, 88.
519 1711 1130 1792 Adlasprang I, 378.
519 1788 1073 1857 Adler: Sebastian.
523 566 1688 652 Adelberg, der hohe V, 557. der kleine
519 1852 1683 1935 Adligenswil (Adelgeswile, Adelga-
588 1930 1407 2009 schile) I, 162 ff. IV, 370.
514 2000 1147 2076 Adlikon I, 81. 101.
519 2069 1335 2147 Adlisperg IV, 488 f. 494.
519 2140 1683 2221 Adolf herzog von Berg, markgraf zu
595 2214 1678 2288 Pontamont und graf zu Rayens-
588 2280 1678 2361 berg III, 21. A. von Bidenfeld III,
588 2359 1678 2433 331. A. von Breithart III, 621. A.
590 2426 1680 2502 Clofs III, 175. A. Grüter III, 44.
588 2497 1678 2576 A. dompropst zu Köln II, 743. A.
592 640 1457 728 A. V, 557. vgl. Madilberg.
588 2576 1676 2645 erzbischof von Mainz III, 335. 353.
588 2645 1683 2719 A. von Nassau, könig IV, 506. A.
588 2719 1688 2792 graf zu Nassau VI, 747. A. graf
588 2790 1685 2859 zu Nassau, Weilburg und Saar-
585 2857 1683 2930 brücken V, 620 f. A. graf zu Nas-
583 2926 1683 3002 sau, propst zu St. Peter in Mainz
580 2997 1683 3073 III, 621 ff. A. Wild- und Rhein-
576 3069 1685 3145 graf, graf zu Salm VI, 506. A.
573 3140 1680 3216 Schilling III, 77. junker A. von
588 3209 1683 3283 Windhausen III, 351.— Johann A.
526 711 1676 795 Adelheid von Schauenburg II, 102.
521 3276 978 3359 Adorf V, 741.
511 3352 1240 3426 Adventica s. Aventica.
511 3419 1216 3502 Affeltrangen IV, 406.
516 3492 1688 3576 Affenbroich s. Johann von der Dor-
583 3564 869 3650 nenberg.
516 3638 1085 3714 Afferden VI, 714.
514 3711 1342 3785 Affhalder, das III, 482 n.
514 3780 1285 3857 Affnighausen VI, 732 f.
516 3854 1680 3933 Affolderbach III, 527. Niedern-A, III,
592 783 1680 864 A. von Trostberg, äbtissin zu Schen-
595 3921 733 3992 527.
519 3988 1676 4073 Affoltern, Afholtern I, 49. 55. 81.
588 4066 1678 4145 83. IV, 392. grafschaft A. IV, 391 ff.
516 4138 1673 4211 Afion Bentz I, 396. A. Nuter I, 389.
511 4207 1221 4283 St. Afra s. Augsburg.
516 4269 1164 4361 Ägelsee, der I, 132.
516 4352 1683 4430 Agelsturbach, Agersterbach, der I,
583 4423 885 4497 240. 242.
516 4480 938 4569 Ägg III, 669
516 4561 1038 4650 Agger s. Acher.
588 864 1680 935 nis I, 52. frau A. IV, 128. frauen
1766 495 2390 580 Aglasperg VI, 188.
1764 573 2930 650 Agnes (Nese) kaiserin IV, 739 f. kö-
1835 647 2930 728 nigin von Ungarn III, 694. A. Grue-
1835 719 2933 797 berin VI, 179 f. A. mutter Alberts
1838 788 2933 869 des Tegers III, 83. A. von der
1845 857 2369 935 Wieſsen V, 582.
1764 923 2878 1007 St. Agnes s. Pfaffenschwabenheim.
1766 1004 2216 1078 Agren I, 813.
1766 1073 2342 1152 Agspang III, 712.
1766 1147 2933 1226 Ah, Ahe (vgl. Aa, Aach, Ach) V, 715.
588 930 1309 1007 A. mühle I, 669. 671.
1764 1216 2533 1292 Ahenhorst, die III, 290.
1766 1283 2321 1361 Ahle, der I, 602.
1764 1357 2330 1433 Ahlraidt VI, 669.
1764 1428 2300 1497 Ahlten s. Alten.
1766 1495 2597 1583 Ahornsberg, der IV, 499.
1771 1569 2938 1652 Ahr (Ahre, Aer, Ar, Are), die III,
1840 1640 2933 1709 844. 846. VI, 655. 657. 767. Alten-
1838 1707 2933 1788 A. (Aldenare, Ar, Are) III, 844 ff.
1835 1788 2933 1857 schloſs und amt Alten-A. II, 608.
1833 1854 2930 1930 637—42, 650 f. III, 844. VI, 656.
521 1000 1171 1073 St. Adelheid s. Selz.
1833 1926 2930 2004 659. kirchspiel Alten-A. III, 846.
1833 1997 2938 2078 Neuen-A., Nuwenare, grafschaft II,
1830 2069 2933 2145 650 ff. 658. vgl. Philipp, graf zu
1828 2138 2933 2223 Virnenburg. Johann A. Johann
1835 2219 2069 2283 von A.
1766 2280 2930 2359 Ahrweiler (Arwilre, Arwiller) II, 638.
1835 2354 2935 2428 643—47. 650. 655. die Ahrgasse
1830 2423 2935 2502 zu A. II, 646. der Hirsch (ein haus)
1828 2500 2285 2569 zu A. II, 646.
1761 2569 2230 2645 Ahus IV, 359.
521 1069 1214 1147 Adelnhausen IV, 214.
1766 2638 2340 2709 Ahuser: Heinrich.
1759 2704 2926 2790 Ay, bischof von Genf und abt von
1835 2788 2921 2859 Lacus Jurensis IV, 458. A. prior
1828 2852 2726 2928 von Romainmotier IV, 458.
1764 2928 2254 2997 Aich s. Achen.
1761 2997 2478 3071 Aichäch VI, 167. 771.
1759 3066 2438 3142 Aichelperch VI, 188.
1757 3140 2421 3219 Aichpüchel VI, 167.
1761 3214 2442 3290 Aidberg s. Eichberg.
