3102 5034
766 1682 869 1762 A.
217 1830 1296 1912 A, die I, 81 f. III, 177. IV, 347.
219 2473 821 2551 Aarein, der I, 72.
216 2544 1398 2619 Aargau, Argau, Ergou, Ergöu, Er-
291 2619 1396 2698 göwe I, 2. 54. 168. IV, 388. V,
291 2696 646 2764 62 (?). 93.
226 2764 969 2835 Aathalgasse, die I, 72,
221 2828 1400 2908 Abdinghof, kloster zu Paderborn III,
300 2903 1055 2971 87. 94 ff. abt: Konrad.
223 2973 1267 3051 Abel auf dem Homberg III, 49.
221 3048 958 3123 Abelo de Gles III, 34.
223 3116 791 3191 Abenden II, 709.
217 1908 903 1980 Aach, Ahe II, 288 f.
225 3187 1096 3260 Aberli Turner I, 331. 336.
225 3258 751 3332 Aberli: Johann.
223 3330 775 3401 Abmat: Konrad.
225 3401 1369 3478 Abraham Friderici, notar IV, 244.
223 3476 676 3544 Abt: Konrad.
223 3542 908 3619 Abthof, der IV, 681.
221 3616 962 3689 Abtwald, der IV, 564.
223 3687 1407 3764 Ach, die I, 381 f. 384. 387. III, 647.
303 3758 1133 3835 IV, 500. V, 207. VI, 148.
226 3830 1401 3907 Achatius herr zum Thurn, Neuen-
219 1976 1092 2050 Ascharmer mühle VI, 677.
301 3903 1244 3980 peiern und Rordorf VI, 171.
228 3975 1410 4050 Achen (Aachen, Aach, Ach, Aich) II,
308 4044 1401 4116 582. 789 f. 813. 824. IV, 791. 797.
303 4114 1407 4187 800. 803. VI, 710. 713 f. St. Adal-
301 4185 1408 4262 bert zu A. IV, 791. 797. propst:
298 4255 1410 4325 Sibodo. St. Marien- oder Liebfrauen-
298 4325 1408 4400 stift zu A. II, 773. (789). IV, 797.
298 4400 1410 4478 VI, 612—16. 702 ff. dekane: Her-
300 4471 1412 4546 man, Sibodo. canonicus: Winant
217 2048 794 2117 Aachen s. Achen.
300 4546 1412 4612 von Heimbach. — die Bennentstraſse
1551 1691 2650 1767 zu A. IV, 800. die St. Jacobeportze
1548 1764 2650 1839 zu A. IV, 800. der Paubach (die
1550 1835 2651 1910 Pauwe) zu A. IV, 800 f. dekan R.
1551 1908 2651 1982 von Achen VI, 758. die Aicher
1548 1978 2026 2050 straſse II, 728.
1483 2048 2135 2121 Achen, die III, 680.
1482 2121 2464 2196 Achenheim IV, 140. V, 486 ff.
1483 2192 2282 2269 Achenwald, der III, 711.
1485 2262 2641 2341 Acher, Achger, Agger, die III, 18.
217 2114 1392 2189 Aar, Aare, Are, die I, 20. 169. 173.
1551 2337 2592 2410 24. Stine (Christine) van der A.
1487 2407 1958 2480 Achern I, 416.
1487 2476 2196 2551 Acherthal, das I, 824.
1487 2548 2021 2614 Achorn IV, 189.
1487 2607 2291 2698 Ächselpach, der III, 647.
1487 2691 2108 2767 Achtelsbach I, 794.
1487 2760 1978 2830 Acker: Johann.
1487 2832 2183 2905 Ackerbach VI, 746 f.
1487 2903 2480 2978 Ackermann V, 388, Johann A.
1491 2975 2648 3053 Adalbert (vgl. Albert) von Engelin-
300 2191 1396 2264 302. IV, 384. 386. 398 f. 489. V,
1558 3048 1948 3123 gen II, 270.
1487 3119 2217 3187 St. Adalbert s. Achen.
1487 3187 2119 3266 Adaldagus III, 213.
1485 3262 2078 3335 Adalsfeld III, 356.
1487 3330 2655 3405 Adam von Brambach III, 492. junker
1558 3401 2655 3471 A. von der Ecken II, 50. A. van
1557 3469 2653 3546 Ederen, drost von Jülich II, 773.
1560 3541 2653 3619 A. Elsen IV, 564. A. Erhart VI,
1558 3612 2648 3687 272. A. Erkel III, 441. 446. A.
1555 3683 2655 3757 von Erlebach, genannt von Wil-
300 2264 1396 2339 31. die A. (Ahr) in Nassau I, 588.
1553 3755 2648 3835 bach I, 558. III, 494. A. von Frucht
1551 3832 2651 3905 I, 601. A, Jordan IV, 554. A. Neu-
1551 3903 2655 3978 wers I, 842. A. sigrist zu Remire-
1562 3973 2657 4046 mont IV, 87. A. von Rore III, 825.
1567 4041 2655 4116 A. Rörich I, 601. A. Sohaff, bür-
1564 4116 2655 4191 germeister I, 768 f. A. Soharrt I,
1566 4185 2655 4262 726. junker A. von Schonemberg,
1566 4258 2660 4333 amtmann III, 771. junker A.,
1567 4330 2651 4400 amtmann von Siersburg VI, 433.
1566 4398 2657 4475 A. Timrodt, canonicus zu Worms
296 2332 435 2403 591.
1567 4469 1841 4551 IV, 630.
1501 4542 1967 4623 Adam: Simon.
2200 4630 2244 4698 1
219 2403 721 2478 Aarau V, 66 f.
