3102 5034
214 501 992 580 Alairpach, der III, 729.
214 578 1044 655 Alapfen, Obern- IV, 496.
217 1219 660 1294 Alban. II, 23.
1483 3503 2162 3576 Alftre: Gozwinus de.
1483 3575 1969 3650 Algäu VI, 294.
1480 3651 2062 3723 Algenrat VI, 747.
1482 3721 2646 3798 Algermissen, Groſs- und Klein- IV,
1553 3796 1694 3860 696.
1483 3858 2144 3937 Algesweiler IV. 516.
1483 3933 2017 4007 Algunt: Johann.
1482 4007 2300 4080 Alhelm: Hennig, Konrad.
1483 4076 2219 4148 Alhen ahe, die I, 429.
1482 4146 2592 4225 Alhufs: Clewin (Nicolaus), Johann,
216 1291 1208 1364 St. Alban s. Basel und Mainz.
2577 322 2654 409 3
1483 4217 2001 4291 Aliders III, 658.
1482 4287 2648 4362 Alienor de Chalon, äbtissin zu Re-
1551 4360 2119 4435 miremont IV, 86.
1482 4432 2651 4510 Alken, Alcken II, 456. 462 f. III,
1550 4505 1742 4573 811 f.
1480 4573 1928 4646 Alket: Simon.
221 1364 964 1435 Albe, Alf, die II, 376.
221 1432 1064 1508 Albech, Albich IV, 624 f.
221 1505 1398 1585 Alber, der IV, 406. Kuno (Konrad) A.
221 1578 1400 1653 Alberich domherr zu Verden VI, 735.
219 1642 1096 1728 Albernschlag, der IV, 584.
219 1719 1125 1794 Albernschutze, das III, 887.
216 1791 1396 1869 Albers, Bremischer dienstmann III,
287 1860 446 1932 219.
216 648 714 721 Alart: Johann.
219 1933 1151 2012 Albersweiler I, 767. VI, 414.
223 2005 1398 2080 Albis I, 30. uffem A. I, 62. das A,
298 2080 1003 2155 gebirge IV, 323. 325.
223 2150 1273 2228 Albisheim, Albsheim IV, 637 ff.
225 2219 962 2294 Albisrieden IV, 295 n.
219 2285 762 2366 Alblein III, 658.
221 2364 1396 2444 Albrecht (Albert). Albrecht I. könig
298 2435 1401 2512 HI, 481 n. A. bischof von Bam-
296 2508 1396 2580 berg VI, 106 ff. 110. A. der Beie-
294 2580 1394 2657 ler V, 85 f. A. Bürgis I, 248. A,
217 717 871 796 Alaſs Hart IV, 427.
294 2651 1396 2721 von dem Busche III, 200. A. von
298 2721 1396 2796 Eglofestein VI, 106 ff. A. schulmeister
296 2794 1394 2867 auf dem Frauenberge III, 388. A.
296 2864 1394 2942 Groſs, ritter VI, 106. A. Gufer V,
298 2935 1394 3016 255. graf A. von Habsburg IV,
298 3010 1394 3083 258. A. Hippe, propst zu Wagen-
300 3078 1394 3155 hausen I, 288. A. von Kippenheim,
300 3151 1391 3223 edelknecht I, 345. A. von Lamlin-
300 3221 1394 3296 gen V, 26. A. Lexstein III, 371.
298 3294 1398 3369 A. von Lippespringe III, 83. graf
217 791 1001 869 Alb, Alba s. Herrenalb.
300 3364 1394 3437 A. von Limburg, domherr zu Straſs-
300 3435 1394 3512 burg I, 726. graf A. von Molbach
301 3508 1396 3583 III, 75. junker A. von Neueneck I,
296 3567 1403 3657 387. herzog A. von Österreich V,
298 3650 1398 3719 223 f. A. Paulles III, 269. A. Pfalz-
296 3721 1392 3796 graf b. Rh. und herzog in Baiern
296 3796 1394 3869 VI, 202. A. zu Queichheim I, 769.
301 3862 1392 3937 A. schöffe zu Obern-Rade I, 520.
305 3930 1394 4007 A. Schelle III, 94 ff, 100. junker
305 4005 1394 4080 A. Schenk von Landeks V, 163 f.
219 860 1276 939 Alb, die IV, 494, 496 f. V, 227.
305 4080 1392 4153 A. von Schillingen VI, 476. A.
301 4146 1389 4223 Sighart I, 359. A. Store I, 701.
303 4223 1389 4296 A. bischof von Straſsburg V, 426.
303 4289 1391 4364 A. de Teger III, 83. junker A. von
296 4360 1398 4437 Trubenbach III, 381—85, A. vogt
301 4430 1398 4512 von Wadegassen II, 800 f. A. abt
301 4505 1398 4580 von Wettingen V, 106. A. von der
300 4578 1048 4660 Wiese (de Prato) V, 6.
1482 503 2073 578 Albrecht: Konrad.
1485 576 2419 655 Alcolzheim, der von IV, 159.
217 935 1400 1010 Albach I, 800. der A. IV, 254. die
1485 653 2310 726 Aldeck, die I, 627 f. 636.
1482 726 2330 792 Aldecken: Tillinus in der.
1482 792 2287 866 Aldendelre, die III, 428.
1483 867 2651 939 Aldendorf, Auldendorf I, 580 f. II,
1551 933 2642 1012 653. III, 321—24. Groſsen-A. I,631.
1482 1007 2207 1082 Aldenhoven IV, 796 f.
1483 1076 2478 1155 Aldenrait, junker II, 727. 729.
1482 1153 2376 1226 Aldenstat III, 430. IV, 534.
1483 1221 2207 1301 Aldinggesesse III, 398,
1482 1296 2642 1369 Alebrandus de Hethe, canonicus Os-
301 1007 955 1080 A. II, 803. III, 535.
1551 1367 2230 1441 nabrugensis III, 187.
1482 1437 2644 1516 Alef (Alof) von Voishoilre III, 22 A.
1551 1510 2648 1585 von Merfeld III, 145, A. von Ragen-
1548 1585 2008 1653 rade 111, 19 f.
1480 1646 2076 1723 Alefeld III, 269 ff.
1480 1721 2062 1792 Alentour IV, 243.
1480 1787 2146 1866 Alenwinden IV, 406.
1480 1866 2650 1942 Alerd, Bremischer dienstmann III,
1551 1939 1691 2007 219.
1483 2007 2025 2080 Alerode III, 428.
219 1076 857 1155 Albaching III, 667.
1480 2080 2155 2150 Alertze, die III, 729.
1483 2148 2205 2228 Alesberg, der III, 390.
1485 2221 2123 2298 Alett vgl. Adelheid.
1487 2296 2444 2371 Alewig graf von Sulze I, 371.
1485 2367 2642 2437 Alexander V. papst III, 450. A. Blin-
1553 2437 2650 2512 kein I, 726. junker A. von Brau-
1555 2507 2642 2583 bach II, 47 f. A. von Brunshorn,
1553 2582 2632 2651 canonicus zu Leiden II, 512. 515.
1553 2650 2169 2719 A. Richert IV, 28.
1480 2717 2639 2798 St. Alexander s. Aschaffenburg, Speier.
219 1148 853 1230 Albachten III, 131.
1483 2792 2221 2867 Alexanderwald V, 566.
1480 2866 2646 2939 Alexius von Freiberg VI, 67. herr
1555 2935 2366 3007 A. von Hatstatt IV, 140.
1480 3003 2651 3080 Alf, Alffe II, 519. 529 f. 546. die
1550 3076 2394 3150 A. II, 385. 390. 406. 450.
1482 3146 1962 3221 Alfeld IV, 648.
1482 3221 2305 3298 Alfer berg, der II, 529 f.
1483 3294 2012 3367 Alferde IV, 661.
1483 3364 1976 3435 Alfinsee I, 514.
1482 3432 2530 3510 Alflen II, 385. 407 ff. VI, 593 f.
